@Misc{MUE,
  title = {Sourceware Bugzilla – Bug List},
  howpublished = {\url{https://sourceware.org/bugzilla/buglist.cgi?bug_status=__open__&content=malloc&no_redirect=1&order=relevance%20desc&product=glibc&query_format=specific}},
  note = "[Online; resurss apskatīts 21-Mai-2014]"
}

@inbook{DPT,
 author = {John Fusco},
 title = {Linux Programmer's Toolbox},
 year = {2007},
 isbn = {0-13-219857-6},
 publisher = {Pearson Education, Inc.},
 pages = {312--314}
 } 
 
@article{GNED,
 author = {Novark, Gene and Berger, Emery D. and Zorn, Benjamin G.},
 title = {Efficiently and Precisely Locating Memory Leaks and Bloat},
 journal = {SIGPLAN Not.},
 issue_date = {June 2009},
 volume = {44},
 number = {6},
 month = jun,
 year = {2009},
 issn = {0362-1340},
 pages = {397--407},
 numpages = {11},
 url = {http://doi.acm.org/10.1145/1543135.1542521},
 doi = {10.1145/1543135.1542521},
 acmid = {1542521},
 publisher = {ACM},
 address = {New York, NY, USA},
 keywords = {dynamic memory allocation, heap profiling, hound, memory leak detection, virtual compaction},
}

@inproceedings{PWMS,
 author = {Wilson, Paul R. and Johnstone, Mark S. and Neely, Michael and Boles, David},
 title = {Dynamic Storage Allocation: A Survey and Critical Review},
 booktitle = {Proceedings of the International Workshop on Memory Management},
 series = {IWMM '95},
 year = {1995},
 isbn = {3-540-60368-9},
 pages = {1--116},
 numpages = {116},
 url = {http://dl.acm.org/citation.cfm?id=645647.664690},
 acmid = {664690},
 publisher = {Springer-Verlag},
 address = {London, UK, UK},
}